<record><leader>00000cas a22000007a 4500</leader><controlfield tag="001">12301762</controlfield><controlfield tag="008">850724d195u19uuidumr ne      0    0eng d</controlfield><datafield ind1=" " ind2=" " tag="010"><subfield code="a">sn 85053206 </subfield></datafield><datafield ind1=" " ind2=" " tag="040"><subfield code="a">MTL</subfield><subfield code="b">eng</subfield><subfield code="c">MTL</subfield><subfield code="d">OCLCQ</subfield></datafield><datafield ind1=" " ind2=" " tag="042"><subfield code="a">msc</subfield></datafield><datafield ind1="0" ind2="4" tag="245"><subfield code="a">The New Yaak times.</subfield></datafield><datafield ind1=" " ind2=" " tag="260"><subfield code="a">Bonners Ferry, Idaho :</subfield><subfield code="b">Bonners Ferry Herald</subfield></datafield><datafield ind1=" " ind2=" " tag="300"><subfield code="a">v. :</subfield><subfield code="b">ill. ;</subfield><subfield code="c">39 cm.</subfield></datafield><datafield ind1=" " ind2=" " tag="310"><subfield code="a">Monthly</subfield></datafield><datafield ind1=" " ind2=" " tag="500"><subfield code="a">"The New Yaak Times is an unofficial paper published every month in Bonners Ferry, Idaho, by The Bonners Ferry Herald in the interest of Air Force personnel stationed at the 680th AC &amp; W [Aircraft Control &amp; Warning] Squadron."</subfield></datafield><datafield ind1=" " ind2=" " tag="588"><subfield code="a">Description based on: Vol. 1, no. 6 (Feb. 1958).</subfield></datafield><datafield ind1=" " ind2=" " tag="752"><subfield code="a">United States</subfield><subfield code="b">Idaho</subfield><subfield code="c">Boundary</subfield><subfield code="d">Bonners Ferry.</subfield></datafield><datafield ind1="1" ind2=" " tag="029"><subfield code="a">AU@</subfield><subfield code="b">000025793055</subfield></datafield></record>